%General

@article{alexander1990note,
  title={A note on averaging correlations},
  author={Alexander, Ralph A},
  journal={Bulletin of the Psychonomic Society},
  volume={28},
  number={4},
  pages={335--336},
  year={1990},
  publisher={Springer}
}

@article{graber2018hybrid,
  title={A Hybrid Approach to Side-Slip Angle Estimation With Recurrent Neural Networks and Kinematic Vehicle Models},
  author={Gr{\"a}ber, Torben and Lupberger, Stefan and Unterreiner, Michael and Schramm, Dieter},
  journal={IEEE Transactions on Intelligent Vehicles},
  volume={4},
  number={1},
  pages={39--47},
  year={2018},
  publisher={IEEE}
}

@article{doi:10.1080/00423114.2016.1249893,
author = {John C. Kegelman and Lene K. Harbott and J. Christian Gerdes},
title = {Insights into vehicle trajectories at the handling limits: analysing open data from race car drivers},
journal = {Vehicle System Dynamics},
volume = {55},
number = {2},
pages = {191-207},
year  = {2017},
publisher = {Taylor & Francis},
doi = {10.1080/00423114.2016.1249893},

URL = { 
        https://doi.org/10.1080/00423114.2016.1249893
    
},
eprint = { 
        https://doi.org/10.1080/00423114.2016.1249893
    }
}


@article{antonini2018blackbird,
  title={The blackbird dataset: A large-scale dataset for UAV perception in aggressive flight},
  author={Antonini, Amado and Guerra, Winter and Murali, Varun and Sayre-McCord, Thomas and Karaman, Sertac},
  journal={arXiv preprint arXiv:1810.01987},
  year={2018}
}

@inproceedings{goodfellow2014generative,
  title={Generative adversarial nets},
  author={Goodfellow, Ian and Pouget-Abadie, Jean and Mirza, Mehdi and Xu, Bing and Warde-Farley, David and Ozair, Sherjil and Courville, Aaron and Bengio, Yoshua},
  booktitle={Advances in neural information processing systems},
  pages={2672--2680},
  year={2014}
}

@article{makhzani2015adversarial,
  title={Adversarial autoencoders},
  author={Makhzani, Alireza and Shlens, Jonathon and Jaitly, Navdeep and Goodfellow, Ian and Frey, Brendan},
  journal={arXiv preprint arXiv:1511.05644},
  year={2015}
}

@article{rezende2015variational,
  title={Variational inference with normalizing flows},
  author={Rezende, Danilo Jimenez and Mohamed, Shakir},
  journal={arXiv preprint arXiv:1505.05770},
  year={2015}
}

@article{larsen2015autoencoding,
  title={Autoencoding beyond pixels using a learned similarity metric},
  author={Larsen, Anders Boesen Lindbo and S{\o}nderby, S{\o}ren Kaae and Larochelle, Hugo and Winther, Ole},
  journal={arXiv preprint arXiv:1512.09300},
  year={2015}
}

@inproceedings{fraccaro2016sequential,
  title={Sequential neural models with stochastic layers},
  author={Fraccaro, Marco and S{\o}nderby, S{\o}ren Kaae and Paquet, Ulrich and Winther, Ole},
  booktitle={Advances in neural information processing systems},
  pages={2199--2207},
  year={2016}
}

@article{karl2016deep,
  title={Deep variational bayes filters: Unsupervised learning of state space models from raw data},
  author={Karl, Maximilian and Soelch, Maximilian and Bayer, Justin and van der Smagt, Patrick},
  journal={arXiv preprint arXiv:1605.06432},
  year={2016}
}

@article{torralba200880,
  title={80 million tiny images: A large data set for nonparametric object and scene recognition},
  author={Torralba, Antonio and Fergus, Rob and Freeman, William T},
  journal={IEEE transactions on pattern analysis and machine intelligence},
  volume={30},
  number={11},
  pages={1958--1970},
  year={2008},
  publisher={IEEE}
}

@inproceedings{dai2017good,
  title={Good semi-supervised learning that requires a bad gan},
  author={Dai, Zihang and Yang, Zhilin and Yang, Fan and Cohen, William W and Salakhutdinov, Ruslan R},
  booktitle={Advances in neural information processing systems},
  pages={6510--6520},
  year={2017}
}

@article{jain2019maximizing,
  title={Maximizing Overall Diversity for Improved Uncertainty Estimates in Deep Ensembles},
  author={Jain, Siddhartha and Liu, Ge and Mueller, Jonas and Gifford, David},
  journal={arXiv preprint arXiv:1906.07380},
  year={2019}
}

@article{bowman2015generating,
  title={Generating sentences from a continuous space},
  author={Bowman, Samuel R and Vilnis, Luke and Vinyals, Oriol and Dai, Andrew M and Jozefowicz, Rafal and Bengio, Samy},
  journal={arXiv preprint arXiv:1511.06349},
  year={2015}
}

@article{liu2019cyclical,
  title={Cyclical Annealing Schedule: A Simple Approach to Mitigating KL Vanishing},
  author={Liu, Xiaodong and Gao, Jianfeng and Celikyilmaz, Asli and Carin, Lawrence and others},
  journal={arXiv preprint arXiv:1903.10145},
  year={2019}
}

@article{tipping2001sparse,
  title={Sparse Bayesian learning and the relevance vector machine},
  author={Tipping, Michael E},
  journal={Journal of machine learning research},
  volume={1},
  number={Jun},
  pages={211--244},
  year={2001}
}

@article{scikit-learn,
 title={Scikit-learn: Machine Learning in {P}ython},
 author={Pedregosa, F. and Varoquaux, G. and Gramfort, A. and Michel, V.
         and Thirion, B. and Grisel, O. and Blondel, M. and Prettenhofer, P.
         and Weiss, R. and Dubourg, V. and Vanderplas, J. and Passos, A. and
         Cournapeau, D. and Brucher, M. and Perrot, M. and Duchesnay, E.},
 journal={Journal of Machine Learning Research},
 volume={12},
 pages={2825--2830},
 year={2011}
}

@inproceedings{gal2016dropout,
  title={Dropout as a bayesian approximation: Representing model uncertainty in deep learning},
  author={Gal, Yarin and Ghahramani, Zoubin},
  booktitle={international conference on machine learning},
  pages={1050--1059},
  year={2016}
}

@article{rissanen1978modeling,
  title={Modeling by shortest data description},
  author={Rissanen, Jorma},
  journal={Automatica},
  volume={14},
  number={5},
  pages={465--471},
  year={1978},
  publisher={Elsevier}
}



@article{hjelm2018learning,
  title={Learning deep representations by mutual information estimation and maximization},
  author={Hjelm, R Devon and Fedorov, Alex and Lavoie-Marchildon, Samuel and Grewal, Karan and Bachman, Phil and Trischler, Adam and Bengio, Yoshua},
  journal={arXiv preprint arXiv:1808.06670},
  year={2018}
}

@article{kingma2014adam,
  title={Adam: A method for stochastic optimization},
  author={Kingma, Diederik P and Ba, Jimmy},
  journal={arXiv preprint arXiv:1412.6980},
  year={2014}
}

@article{loshchilov2016sgdr,
  title={Sgdr: Stochastic gradient descent with warm restarts},
  author={Loshchilov, Ilya and Hutter, Frank},
  journal={arXiv preprint arXiv:1608.03983},
  year={2016}
}

@inproceedings{kendall2017uncertainties,
  title={What uncertainties do we need in bayesian deep learning for computer vision?},
  author={Kendall, Alex and Gal, Yarin},
  booktitle={Advances in neural information processing systems},
  pages={5574--5584},
  year={2017}
}

@article{lafrance, title={Your Grandmotherâ€™s Driverless Car}, url={https://www.theatlantic.com/technology/archive/2016/06/beep-beep/489029/}, journal={The Atlantic}, author={LaFrance, Adrienne}} 

@article{kelly2019key,
  title={Key challenges for delivering clinical impact with artificial intelligence},
  author={Kelly, Christopher J and Karthikesalingam, Alan and Suleyman, Mustafa and Corrado, Greg and King, Dominic},
  journal={BMC medicine},
  volume={17},
  number={1},
  pages={195},
  year={2019},
  publisher={Springer}
}

@article{ardila2019end,
  title={End-to-end lung cancer screening with three-dimensional deep learning on low-dose chest computed tomography},
  author={Ardila, Diego and Kiraly, Atilla P and Bharadwaj, Sujeeth and Choi, Bokyung and Reicher, Joshua J and Peng, Lily and Tse, Daniel and Etemadi, Mozziyar and Ye, Wenxing and Corrado, Greg and others},
  journal={Nature medicine},
  volume={25},
  number={6},
  pages={954},
  year={2019},
  publisher={Nature Publishing Group}
}

@book{goodfellow2016deep,
  title={Deep learning},
  author={Goodfellow, Ian and Bengio, Yoshua and Courville, Aaron},
  year={2016},
  publisher={MIT press}
}

@book{mackay2003information,
  title={Information theory, inference and learning algorithms},
  author={MacKay, David JC},
  year={2003},
  publisher={Cambridge university press}
}

@inproceedings{gal2016theoretically,
  title={A theoretically grounded application of dropout in recurrent neural networks},
  author={Gal, Yarin and Ghahramani, Zoubin},
  booktitle={Advances in neural information processing systems},
  pages={1019--1027},
  year={2016}
}

@article{clark2014z,
  title={z Scores},
  author={Clark-Carter, David},
  journal={Wiley StatsRef: Statistics Reference Online},
  year={2014},
  publisher={Wiley Online Library}
}

%%%%%%%%%%%%%%%%%%%%%%%%%%%%%%%%%%%%%%%%%%%%%%%%%%%%%%%%%%%%%%%%%%%%%%%%%%%%%%%%%%%%%%%%%%%%%%%%%%%%%%%

%Uncertainty/OOD

@article{hendrycks2016baseline,
  title={A baseline for detecting misclassified and out-of-distribution examples in neural networks},
  author={Hendrycks, Dan and Gimpel, Kevin},
  journal={arXiv preprint arXiv:1610.02136},
  year={2016}
}

@inproceedings{hautamaki2004outlier,
  title={Outlier detection using k-nearest neighbour graph},
  author={Hautamaki, Ville and Karkkainen, Ismo and Franti, Pasi},
  booktitle={Proceedings of the 17th International Conference on Pattern Recognition, 2004. ICPR 2004.},
  volume={3},
  pages={430--433},
  year={2004},
  organization={IEEE}
}

@article{ovadia2019can,
  title={Can You Trust Your Model's Uncertainty? Evaluating Predictive Uncertainty Under Dataset Shift},
  author={Ovadia, Yaniv and Fertig, Emily and Ren, Jie and Nado, Zachary and Sculley, D and Nowozin, Sebastian and Dillon, Joshua V and Lakshminarayanan, Balaji and Snoek, Jasper},
  journal={arXiv preprint arXiv:1906.02530},
  year={2019}
}

@article{Mundt2019open,
author = {Mundt, Martin and Pliushch, Iuliia and Majumder, Sagnik and Ramesh, Visvanathan},
year = {2019},
month = {08},
pages = {},
title = {Open Set Recognition Through Deep Neural Network Uncertainty: Does Out-of-Distribution Detection Require Generative Classifiers?}
}

@incollection{NIPS2009_3723,
title = {Anomaly Detection with Score functions based on Nearest Neighbor Graphs},
author = {Manqi Zhao and Saligrama, Venkatesh},
booktitle = {Advances in Neural Information Processing Systems 22},
editor = {Y. Bengio and D. Schuurmans and J. D. Lafferty and C. K. I. Williams and A. Culotta},
pages = {2250--2258},
year = {2009},
publisher = {Curran Associates, Inc.},
url = {http://papers.nips.cc/paper/3723-anomaly-detection-with-score-functions-based-on-nearest-neighbor-graphs.pdf}
}

@inproceedings{scholkopf2000support,
  title={Support vector method for novelty detection},
  author={Sch{\"o}lkopf, Bernhard and Williamson, Robert C and Smola, Alex J and Shawe-Taylor, John and Platt, John C},
  booktitle={Advances in neural information processing systems},
  pages={582--588},
  year={2000}
}

@article{tax2004support,
  title={Support vector data description},
  author={Tax, David MJ and Duin, Robert PW},
  journal={Machine learning},
  volume={54},
  number={1},
  pages={45--66},
  year={2004},
  publisher={Springer}
}

@article{erfani2016high,
  title={High-dimensional and large-scale anomaly detection using a linear one-class SVM with deep learning},
  author={Erfani, Sarah M and Rajasegarar, Sutharshan and Karunasekera, Shanika and Leckie, Christopher},
  journal={Pattern Recognition},
  volume={58},
  pages={121--134},
  year={2016},
  publisher={Elsevier}
}

@inproceedings{ruff2018deep,
  title={Deep one-class classification},
  author={Ruff, Lukas and Vandermeulen, Robert and Goernitz, Nico and Deecke, Lucas and Siddiqui, Shoaib Ahmed and Binder, Alexander and M{\"u}ller, Emmanuel and Kloft, Marius},
  booktitle={International Conference on Machine Learning},
  pages={4393--4402},
  year={2018}
}

@article{platt1999estimating,
  title={Estimating the support of a high-dimensional distribution},
  author={Platt, John C and Shawe-Taylor, John and Smola, Alex J and Williamson, Robert C and others},
  journal={Technical Report MSR-T R-99--87, Microsoft Research (MSR)},
  year={1999}
}

@article{eskin2000anomaly,
  title={Anomaly detection over noisy data using learned probability distributions},
  author={Eskin, Eleazar},
  year={2000}
}

@inproceedings{breunig2000lof,
  title={LOF: identifying density-based local outliers},
  author={Breunig, Markus M and Kriegel, Hans-Peter and Ng, Raymond T and Sander, J{\"o}rg},
  booktitle={ACM sigmod record},
  volume={29},
  number={2},
  pages={93--104},
  year={2000},
  organization={ACM}
}

@inproceedings{zhang2009new,
  title={A new local distance-based outlier detection approach for scattered real-world data},
  author={Zhang, Ke and Hutter, Marcus and Jin, Huidong},
  booktitle={Pacific-Asia Conference on Knowledge Discovery and Data Mining},
  pages={813--822},
  year={2009},
  organization={Springer}
}

@article{hu2018anomaly,
  title={Anomaly detection using local kernel density estimation and context-based regression},
  author={Hu, Weiming and Gao, Jun and Li, Bing and Wu, Ou and Du, Junping and Maybank, Stephen John},
  journal={IEEE Transactions on Knowledge and Data Engineering},
  year={2018},
  publisher={IEEE}
}

@inproceedings{qin2016kelos,
  author    = {Xiao Qin and
               Lei Cao and
               Elke A. Rundensteiner and
               Samuel Madden},
  title     = {Scalable Kernel Density Estimation-based Local Outlier Detection over
               Large Data Streams},
  booktitle = {Advances in Database Technology - 22nd International Conference on
               Extending Database Technology, {EDBT} 2019, Lisbon, Portugal, March
               26-29, 2019},
  pages     = {421--432},
  year      = {2019}
}

@article{he2004novelty,
  title={Novelty detection employing an L2 optimal non-parametric density estimator},
  author={He, Chao and Girolami, Mark},
  journal={Pattern Recognition Letters},
  volume={25},
  number={12},
  pages={1389--1397},
  year={2004},
  publisher={Elsevier}
}

@inproceedings{lee2018simple,
  title={A simple unified framework for detecting out-of-distribution samples and adversarial attacks},
  author={Lee, Kimin and Lee, Kibok and Lee, Honglak and Shin, Jinwoo},
  booktitle={Advances in Neural Information Processing Systems},
  pages={7167--7177},
  year={2018}
}

@article{bishop1994novelty,
  title={Novelty detection and neural network validation},
  author={Bishop, Christopher M},
  journal={IEE Proceedings-Vision, Image and Signal processing},
  volume={141},
  number={4},
  pages={217--222},
  year={1994},
  publisher={IET}
}

@article{hendrycks2018deep,
  title={Deep anomaly detection with outlier exposure},
  author={Hendrycks, Dan and Mazeika, Mantas and Dietterich, Thomas G},
  journal={arXiv preprint arXiv:1812.04606},
  year={2018}
}

@article{lee2017training,
  title={Training confidence-calibrated classifiers for detecting out-of-distribution samples},
  author={Lee, Kimin and Lee, Honglak and Lee, Kibok and Shin, Jinwoo},
  journal={arXiv preprint arXiv:1711.09325},
  year={2017}
}

@inproceedings{Hafner2018NoiseCP,
  title={Noise Contrastive Priors for Functional Uncertainty},
  author={Danijar Hafner and Dustin Tran and Timothy P. Lillicrap and Alex Irpan and James Davidson},
  booktitle={UAI},
  year={2018}
}

@inproceedings{hein2019relu,
  title={Why ReLU networks yield high-confidence predictions far away from the training data and how to mitigate the problem},
  author={Hein, Matthias and Andriushchenko, Maksym and Bitterwolf, Julian},
  booktitle={Proceedings of the IEEE Conference on Computer Vision and Pattern Recognition},
  pages={41--50},
  year={2019}
}

@article{liang2017enhancing,
  title={Enhancing the reliability of out-of-distribution image detection in neural networks},
  author={Liang, Shiyu and Li, Yixuan and Srikant, Rayadurgam},
  journal={arXiv preprint arXiv:1706.02690},
  year={2017}
}

%%%%%%%%%%%%%%%%%%%%%%%%%%%%%%%%%%%%%%%%%%%%%%%%%%%%%%%%%%%%%%%%%%%%%%%%%%%%%%%%%%%%%%%%%%%%%%%%%%%

%Autoencoder based OOD

@inproceedings{xu2018unsupervised,
  title={Unsupervised anomaly detection via variational auto-encoder for seasonal kpis in web applications},
  author={Xu, Haowen and Chen, Wenxiao and Zhao, Nengwen and Li, Zeyan and Bu, Jiahao and Li, Zhihan and Liu, Ying and Zhao, Youjian and Pei, Dan and Feng, Yang and others},
  booktitle={Proceedings of the 2018 World Wide Web Conference},
  pages={187--196},
  year={2018},
  organization={International World Wide Web Conferences Steering Committee}
}

@article{an2015variational,
  title={Variational autoencoder based anomaly detection using reconstruction probability},
  author={An, Jinwon and Cho, Sungzoon},
  journal={Special Lecture on IE},
  volume={2},
  number={1},
  year={2015}
}

@inproceedings{borghesi2019anomaly,
  title={Anomaly detection using autoencoders in high performance computing systems},
  author={Borghesi, Andrea and Bartolini, Andrea and Lombardi, Michele and Milano, Michela and Benini, Luca},
  booktitle={Proceedings of the AAAI Conference on Artificial Intelligence},
  volume={33},
  pages={9428--9433},
  year={2019}
}

@inproceedings{zhou2017anomaly,
  title={Anomaly detection with robust deep autoencoders},
  author={Zhou, Chong and Paffenroth, Randy C},
  booktitle={Proceedings of the 23rd ACM SIGKDD International Conference on Knowledge Discovery and Data Mining},
  pages={665--674},
  year={2017},
  organization={ACM}
}

@inproceedings{chen2017outlier,
  title={Outlier detection with autoencoder ensembles},
  author={Chen, Jinghui and Sathe, Saket and Aggarwal, Charu and Turaga, Deepak},
  booktitle={Proceedings of the 2017 SIAM International Conference on Data Mining},
  pages={90--98},
  year={2017},
  organization={SIAM}
}

@inproceedings{baur2018deep,
  title={Deep autoencoding models for unsupervised anomaly segmentation in brain mr images},
  author={Baur, Christoph and Wiestler, Benedikt and Albarqouni, Shadi and Navab, Nassir},
  booktitle={International MICCAI Brainlesion Workshop},
  pages={161--169},
  year={2018},
  organization={Springer}
}

@article{vasilev2018q,
  title={q-Space Novelty Detection with Variational Autoencoders},
  author={Vasilev, Aleksei and Golkov, Vladimir and Meissner, Marc and Lipp, Ilona and Sgarlata, Eleonora and Tomassini, Valentina and Jones, Derek K and Cremers, Daniel},
  journal={arXiv preprint arXiv:1806.02997},
  year={2018}
}

@article{zong2018deep,
  title={Deep autoencoding gaussian mixture model for unsupervised anomaly detection},
  author={Zong, Bo and Song, Qi and Min, Martin Renqiang and Cheng, Wei and Lumezanu, Cristian and Cho, Daeki and Chen, Haifeng},
  year={2018}
}

@inproceedings{pidhorskyi2018generative,
  title={Generative probabilistic novelty detection with adversarial autoencoders},
  author={Pidhorskyi, Stanislav and Almohsen, Ranya and Doretto, Gianfranco},
  booktitle={Advances in Neural Information Processing Systems},
  pages={6822--6833},
  year={2018}
}

@article{leveau2017adversarial,
  title={Adversarial autoencoders for novelty detection},
  author={Leveau, Valentin and Joly, Alexis},
  year={2017}
}

@inproceedings{sabokrou2018adversarially,
  title={Adversarially learned one-class classifier for novelty detection},
  author={Sabokrou, Mohammad and Khalooei, Mohammad and Fathy, Mahmood and Adeli, Ehsan},
  booktitle={Proceedings of the IEEE Conference on Computer Vision and Pattern Recognition},
  pages={3379--3388},
  year={2018}
}

@inproceedings{perera2019ocgan,
  title={Ocgan: One-class novelty detection using gans with constrained latent representations},
  author={Perera, Pramuditha and Nallapati, Ramesh and Xiang, Bing},
  booktitle={Proceedings of the IEEE Conference on Computer Vision and Pattern Recognition},
  pages={2898--2906},
  year={2019}
}

@article{vernekar,
author = {Vernekar, Sachin and Abdelzad, Vahdat and Denouden, Taylor and Salay, Rick and Czarnecki, Krzysztof},
year = {2019},
month = {10},
pages = {},
title = {Out-of-distribution Detection in Classifiers via Generation}
}

@article{csiszarik2019negative,
  title={Negative Sampling in Variational Autoencoders},
  author={Csisz{\'a}rik, Adri{\'a}n and Benk{\H{o}}, Beatrix and Varga, D{\'a}niel},
  journal={arXiv preprint arXiv:1910.02760},
  year={2019}
}

%temporal autoencoding
@inproceedings{hundman2018detecting,
  title={Detecting spacecraft anomalies using lstms and nonparametric dynamic thresholding},
  author={Hundman, Kyle and Constantinou, Valentino and Laporte, Christopher and Colwell, Ian and Soderstrom, Tom},
  booktitle={Proceedings of the 24th ACM SIGKDD International Conference on Knowledge Discovery \& Data Mining},
  pages={387--395},
  year={2018},
  organization={ACM}
}

@inproceedings{taylor2016anomaly,
  title={Anomaly detection in automobile control network data with long short-term memory networks},
  author={Taylor, Adrian and Leblanc, Sylvain and Japkowicz, Nathalie},
  booktitle={2016 IEEE International Conference on Data Science and Advanced Analytics (DSAA)},
  pages={130--139},
  year={2016},
  organization={IEEE}
}

@inproceedings{malhotra2015long,
  title={Long short term memory networks for anomaly detection in time series},
  author={Malhotra, Pankaj and Vig, Lovekesh and Shroff, Gautam and Agarwal, Puneet},
  booktitle={Proceedings},
  pages={89},
  year={2015},
  organization={Presses universitaires de Louvain}
}

@inproceedings{marchi2015non,
  title={Non-linear prediction with LSTM recurrent neural networks for acoustic novelty detection},
  author={Marchi, Erik and Vesperini, Fabio and Weninger, Felix and Eyben, Florian and Squartini, Stefano and Schuller, Bj{\"o}rn},
  booktitle={2015 International Joint Conference on Neural Networks (IJCNN)},
  pages={1--7},
  year={2015},
  organization={IEEE}
}

@inproceedings{guo2018multidimensional,
  title={Multidimensional time series anomaly detection: A gru-based gaussian mixture variational autoencoder approach},
  author={Guo, Yifan and Liao, Weixian and Wang, Qianlong and Yu, Lixing and Ji, Tianxi and Li, Pan},
  booktitle={Asian Conference on Machine Learning},
  pages={97--112},
  year={2018}
}

%%%%%%%%%%%%%%%%%%%%%%%%%%%%%%%%%%%%%%%%%%%%%%%%%%%%%%%%%%%%%%%%%%%%%%%%%%%%%%%%%%%%%%%%%%%%%%%%%%%

%Compression

@inproceedings{hinton1993keeping,
  title={Keeping neural networks simple by minimizing the description length of the weights},
  author={Hinton, Geoffrey and Van Camp, Drew},
  booktitle={in Proc. of the 6th Ann. ACM Conf. on Computational Learning Theory},
  year={1993},
  organization={Citeseer}
}

%Bayesian

%Ensembles


@inproceedings{vyas2018out, title={Out-of-distribution detection using an ensemble of self supervised leave-out classifiers}, author={Vyas, Apoorv and Jammalamadaka, Nataraj and Zhu, Xia and Das, Dipankar and Kaul, Bharat and Willke, Theodore L}, booktitle={Proceedings of the European Conference on Computer Vision (ECCV)}, pages={550--564}, year={2018} }


%virual sensing and vehicle dynamics

@article{li2011review,
  title={A review of virtual sensing technology and application in building systems},
  author={Li, Haorong and Yu, Daihong and Braun, James E},
  journal={HVAC\&R Research},
  volume={17},
  number={5},
  pages={619--645},
  year={2011},
  publisher={Taylor \& Francis}
}

@article{kadlec2009data,
  title={Data-driven soft sensors in the process industry},
  author={Kadlec, Petr and Gabrys, Bogdan and Strandt, Sibylle},
  journal={Computers \& chemical engineering},
  volume={33},
  number={4},
  pages={795--814},
  year={2009},
  publisher={Elsevier}
}

@book{fortuna2007soft,
  title={Soft sensors for monitoring and control of industrial processes},
  author={Fortuna, Luigi and Graziani, Salvatore and Rizzo, Alessandro and Xibilia, Maria Gabriella},
  year={2007},
  publisher={Springer Science \& Business Media}
}

@book{gustafsson2001virtual,
  title={Virtual sensors of tire pressure and road friction},
  author={Gustafsson, Fredrik and Persson, Niclas and Drev{\"o}, Markus and Forssell, Urban and Quicklund, Henrik and L{\"o}fgren, Mats},
  year={2001},
  publisher={Link{\"o}ping University Electronic Press}
}

@inproceedings{doumiati2009virtual,
  title={Virtual sensors, application to vehicle tire-road normal forces for road safety},
  author={Doumiati, Moustapha and Victorino, Alessandro and Charara, Ali and Lechner, Daniel},
  booktitle={2009 American Control Conference},
  pages={3337--3343},
  year={2009},
  organization={IEEE}
}

@inproceedings{shraim2006sliding,
  title={Sliding mode observers for the estimation of vehicle parameters, forces and states of the center of gravity},
  author={Shraim, Hassan and Ananou, Bouchra and Fridman, Leonid and Noura, Hassan and Ouladsine, Mustapha},
  booktitle={Proceedings of the 45th IEEE Conference on Decision and Control},
  pages={1635--1640},
  year={2006},
  organization={IEEE}
}

@article{rockl2008integration,
  title={Integration of Car-2-Car communication as a virtual sensor in automotive sensor fusion for advanced driver assistance systems},
  author={R{\"o}ckl, Matthias and others},
  year={2008},
  publisher={Citeseer}
}

@inproceedings{canale2008study,
  title={A study on the use of virtual sensors in vehicle control},
  author={Canale, Massimo and Fagiano, Lorenzo and Ruiz, Fredy and Signorile, Maria Carmela},
  booktitle={2008 47th IEEE Conference on Decision and Control},
  pages={4402--4407},
  year={2008},
  organization={IEEE}
}

@book{zarchan2013fundamentals,
  title={Fundamentals of Kalman filtering: a practical approach},
  author={Zarchan, Paul and Musoff, Howard},
  year={2013},
  publisher={American Institute of Aeronautics and Astronautics, Inc.}
}

@article{costa1999hybrid,
  title={A hybrid neural model for the optimization of fed-batch fermentations},
  author={Costa, AC and Henriques, ASW and Alves, TLM and Maciel Filho, R and Lima, EL},
  journal={Brazilian Journal of Chemical Engineering},
  volume={16},
  number={1},
  pages={53--63},
  year={1999},
  publisher={SciELO Brasil}
}

@inproceedings{milanese2006filter,
  title={Filter design from data: direct vs. two-step approaches},
  author={Milanese, M and Novara, C and Hsu, K and Poolla, K},
  booktitle={2006 American Control Conference},
  pages={5--pp},
  year={2006},
  organization={IEEE}
}

@article{rastogi2017virtual,
  title={Virtual Sensor Modelling using Neural Networks with Coefficient-based Adaptive Weights and Biases Search Algorithm for Diesel Engines},
  author={Rastogi, Kushagra and Saini, Navreet},
  journal={arXiv preprint arXiv:1712.08319},
  year={2017}
}

@article{schramm2014vehicle,
  title={Vehicle dynamics},
  author={Schramm, Dieter and Hiller, Manfred and Bardini, Roberto},
  journal={Modeling and Simulation. Berlin, Heidelberg},
  volume={151},
  year={2014},
  publisher={Springer}
}

@article{gill2000vehicle,
author = {Gillespie, T.},
year = {2000},
month = {01},
pages = {},
title = {Fundamentals of vehicle dynamics},
doi = {10.4271/R-114}
}

@article{jin2017vehicle,
  title={Vehicle Side Slip Angle Observation with Road Friction Adaptation},
  author={Jin, Chi and Shao, Liang and Lex, Cornelia and Eichberger, Arno},
  journal={IFAC-PapersOnLine},
  volume={50},
  number={1},
  pages={3406--3411},
  year={2017},
  publisher={Elsevier}
}

@article{rumelhart1986learning,
  title={Learning representations by back-propagating errors},
  author={Rumelhart, David E and Hinton, Geoffrey E and Williams, Ronald J},
  journal={nature},
  volume={323},
  number={6088},
  pages={533--536},
  year={1986},
  publisher={Nature Publishing Group}
}


@article{pascanu2013construct,
  title={How to construct deep recurrent neural networks},
  author={Pascanu, Razvan and Gulcehre, Caglar and Cho, Kyunghyun and Bengio, Yoshua},
  journal={arXiv preprint arXiv:1312.6026},
  year={2013}
}

@article{hochreiter1997long,
  title={Long short-term memory},
  author={Hochreiter, Sepp and Schmidhuber, J{\"u}rgen},
  journal={Neural computation},
  volume={9},
  number={8},
  pages={1735--1780},
  year={1997},
  publisher={MIT Press}
}

@article{cho2014learning,
  title={Learning phrase representations using RNN encoder-decoder for statistical machine translation},
  author={Cho, Kyunghyun and Van Merri{\"e}nboer, Bart and Gulcehre, Caglar and Bahdanau, Dzmitry and Bougares, Fethi and Schwenk, Holger and Bengio, Yoshua},
  journal={arXiv preprint arXiv:1406.1078},
  year={2014}
}

@inproceedings{alonso2019virtual,
  title={Virtual Sensor Based on a Deep Learning Approach for Estimating Efficiency in Chillers},
  author={Alonso, Seraf{\'\i}n and Mor{\'a}n, Antonio and P{\'e}rez, Daniel and Reguera, Perfecto and D{\'\i}az, Ignacio and Dom{\'\i}nguez, Manuel},
  booktitle={International Conference on Engineering Applications of Neural Networks},
  pages={307--319},
  year={2019},
  organization={Springer}
}

@article{escobedo2016neural,
  title={Neural network and polynomial model to improve the coefficient of performance prediction for solar intermittent refrigeration system},
  author={Escobedo-Trujillo, BA and Colorado, D and Rivera, W and Alaffita-Hern{\'a}ndez, FA},
  journal={Solar Energy},
  volume={129},
  pages={28--37},
  year={2016},
  publisher={Elsevier}
}

@inproceedings{iwashita2019tu,
  title={TU-Net and TDeepLab: Deep Learning-Based Terrain Classification Robust to Illumination Changes, Combining Visible and Thermal Imagery},
  author={Iwashita, Yumi and Nakashima, Kazuto and Stoica, Adrian and Kurazume, Ryo},
  booktitle={2019 IEEE Conference on Multimedia Information Processing and Retrieval (MIPR)},
  pages={280--285},
  year={2019},
  organization={IEEE}
}

@article{barbieri2014posterior,
  title={Posterior Predictive Distribution},
  author={Barbieri, Maria Maddalena},
  journal={Wiley StatsRef: Statistics Reference Online},
  pages={1--6},
  year={2014},
  publisher={Wiley Online Library}
}

@article{der2009aleatory,
  title={Aleatory or epistemic? Does it matter?},
  author={Der Kiureghian, Armen and Ditlevsen, Ove},
  journal={Structural Safety},
  volume={31},
  number={2},
  pages={105--112},
  year={2009},
  publisher={Elsevier}
}

@article{kingma2013auto,
  title={Auto-encoding variational bayes},
  author={Kingma, Diederik P and Welling, Max},
  journal={arXiv preprint arXiv:1312.6114},
  year={2013}
}

@article{shannon1948mathematical,
  title={A mathematical theory of communication},
  author={Shannon, Claude Elwood},
  journal={Bell system technical journal},
  volume={27},
  number={3},
  pages={379--423},
  year={1948},
  publisher={Wiley Online Library}
}

@inproceedings{hinton1994autoencoders,
  title={Autoencoders, minimum description length and Helmholtz free energy},
  author={Hinton, Geoffrey E and Zemel, Richard S},
  booktitle={Advances in neural information processing systems},
  pages={3--10},
  year={1994}
}

@article{kingma2019introduction,
  title={An Introduction to Variational Autoencoders},
  author={Kingma, Diederik P and Welling, Max},
  journal={arXiv preprint arXiv:1906.02691},
  year={2019}
}

@article{xu2015empirical,
  title={Empirical evaluation of rectified activations in convolutional network},
  author={Xu, Bing and Wang, Naiyan and Chen, Tianqi and Li, Mu},
  journal={arXiv preprint arXiv:1505.00853},
  year={2015}
}

@inproceedings{nair2010rectified,
  title={Rectified linear units improve restricted boltzmann machines},
  author={Nair, Vinod and Hinton, Geoffrey E},
  booktitle={Proceedings of the 27th international conference on machine learning (ICML-10)},
  pages={807--814},
  year={2010}
}

@article{theis2015note,
  title={A note on the evaluation of generative models},
  author={Theis, Lucas and Oord, A{\"a}ron van den and Bethge, Matthias},
  journal={arXiv preprint arXiv:1511.01844},
  year={2015}
}

@techreport{waymo2018safety,
    title={Waymo safety report},
    author={Waymo},
    url={https://storage.googleapis.com/sdc-prod/v1/safety-report/Safety Report 2018.pdf}, 
    year={2018}

}

@article{darpa2004,
    title={From Darpa Grand Challenge 2004, DARPA's Debacle in the Desert},
    author={Hooper, Joseph},
    url={https://www.popsci.com/scitech/article/2004-06/darpa-grand-challenge-2004darpas-debacle-desert/}, 
    year={2004}

}


@inproceedings{he2015delving,
  title={Delving deep into rectifiers: Surpassing human-level performance on imagenet classification},
  author={He, Kaiming and Zhang, Xiangyu and Ren, Shaoqing and Sun, Jian},
  booktitle={Proceedings of the IEEE international conference on computer vision},
  pages={1026--1034},
  year={2015}
}

@article{silver2017mastering,
  title={Mastering the game of go without human knowledge},
  author={Silver, David and Schrittwieser, Julian and Simonyan, Karen and Antonoglou, Ioannis and Huang, Aja and Guez, Arthur and Hubert, Thomas and Baker, Lucas and Lai, Matthew and Bolton, Adrian and others},
  journal={nature},
  volume={550},
  number={7676},
  pages={354--359},
  year={2017},
  publisher={Nature Publishing Group}
}

@article{cirecsan2012multi,
  title={Multi-column deep neural network for traffic sign classification},
  author={Cire{\c{s}}An, Dan and Meier, Ueli and Masci, Jonathan and Schmidhuber, J{\"u}rgen},
  journal={Neural networks},
  volume={32},
  pages={333--338},
  year={2012},
  publisher={Elsevier}
}

@article{mnih2015human,
  title={Human-level control through deep reinforcement learning},
  author={Mnih, Volodymyr and Kavukcuoglu, Koray and Silver, David and Rusu, Andrei A and Veness, Joel and Bellemare, Marc G and Graves, Alex and Riedmiller, Martin and Fidjeland, Andreas K and Ostrovski, Georg and others},
  journal={Nature},
  volume={518},
  number={7540},
  pages={529},
  year={2015},
  publisher={Nature Publishing Group}
}

@article{rudin2019stop,
  title={Stop explaining black box machine learning models for high stakes decisions and use interpretable models instead},
  author={Rudin, Cynthia},
  journal={Nature Machine Intelligence},
  volume={1},
  number={5},
  pages={206},
  year={2019},
  publisher={Nature Publishing Group}
}

@inproceedings{zhu2017deep,
  title={Deep and confident prediction for time series at uber},
  author={Zhu, Lingxue and Laptev, Nikolay},
  booktitle={2017 IEEE International Conference on Data Mining Workshops (ICDMW)},
  pages={103--110},
  year={2017},
  organization={IEEE}
}

@inproceedings{lakshminarayanan2017simple,
  title={Simple and scalable predictive uncertainty estimation using deep ensembles},
  author={Lakshminarayanan, Balaji and Pritzel, Alexander and Blundell, Charles},
  booktitle={Advances in Neural Information Processing Systems},
  pages={6402--6413},
  year={2017}
}